011968664877f2599e53f889ccf7e92f
01443146ea5d7b0fdbd38d3505767462
01ec2259817610c440d3944e26286fbe
02d48a4b0a7b2ff72034a07c9ee2ffd0
02dc60d5a660f33b9f97b8f7cbaed05b
02df737b7319cff320924b3331f9d503
02ea7cd040c75caa6691443282517523
03b141a72b52e816a517b39d78da07e0
04201a8d11663ec10b79731daf9e1c3a
0640fa4b15ddb6a48038c78e0b1f650f
06be7381635b312bc518752688dcdfde
06c8fa41d203452e55fc4965ce2b12ff
07aff4ffa959019ef801a2b633958cc3
096282c477a43c02c7215f6df31b4cc9
0969970a69386f93a037930009b7bb19
0c16d8c1840f6789fae91cfe43e27df3
0c3b83933dc940d20432835d16aacf5a
0c721bb57ec88d78eead17165dcad694
0c88d0e6fa9e7705df2dd9c4f8253b46
0dae92697ea33f464878ac15000e5769
0df73c8efa52542c31cc4926b7a36f39
0eb2cf3a514fa2244e55e8314317e1a2
0ec384ebe073a6f7e08b7ba79835f399
0f85eecbdc71077910a8c2503bb4a180
112cdc024103465f22401cb6c8e715f1
11345f64e579296bf1744baa4c756eb2
113577f2938dfaf7307d61038b2df0ac
11aff1e166e3e313d4632e1a7df24745
11c0b69fbfd3f0e8b9d6cb3ddb82585c
11ec25816b2b80d6a10720edae1505fc
136fbf95ae69a1c423896fec1b668a1f
14ca461964e8c37c64ab72bfe1775a03
1504832b48105c73b948bf9c223b23c6
15d703d94b2f69edaeee3e11d9b61cb8
178292d6020b902d0ac433b992af133b
17f4a0c2702c925a89a9ad3a6204082a
184cbaf6ba30a65806f1c39cd9ff153d
1a400f19a20c005ee5e3646ccb89f178
1a7da5210fece69c225630ef59933132
1aab9340474cf2ed97c62e70072e6d34
1ae53223d78964f9d386d356c2263b4b
1b979e2b235aa69239f668a58a5724e0
1c62e7b4675bea3f569a79fb78b18ccb
1cb78367d4cdc5b983f6115db61adccd
1d0cb66fa2d3da9d8320218508d3761e
1d7e358e7290465d3680177f004cdfc0
1e6b3c4a32bfb7b9dacf5a32ea551186
1f554c73fa5525e3369b5af90dd16d65
1f9f5b587f6e3df0058a0734f55746d6
20eb94353aac587e43b8bf5fd7971a1a
21bd88fa1ed0b905a3c4fe5f3761ae53
21fb187d7216d4e8f8de687539a7c8a6
23b45eecbe998f7a4d7657ea64096a09
254b37eeb575ededae05c3d8ea8bc681
25696cfd76b1459b944bc9bbd73c29fb
27ad8fae40135a68e89d661f07113160
27cddc2051306c1af1b40fd7b8a69e48
283206067c6338923eec620b171bf135
2864fe245186f898ad25a00aa6519a46
28ad2c92593c1242d8ad9206899061f6
28bf6c5b2d3dee77133c611d2c3bb84e
299a880777943a38511d99430f4958b1
299e57480487a1bc1a6ac5d8a612f8e0
2bf13558722694d53d7cbb33b84d64f5
2c35bbf2971ecb733949be621748dca5
2cc2216ca86c4b121bf9ee853f666ae5
2f1a8b732595a5034d8382460a9cbb85
2f5a81fdca0dc7e2daaabcb473640c79
30e7fa1b04fa4ee0119390f8d694b3b7
30ec6f8882160c90f945507855ca327a
314aec02b8749a6c10ef25bf6815bdfd
31a8ac956918bcedb2c2560775e525d0
31ebf51182678d1a311b5a257226c5c3
3209931795eff9cc1f8dab29ebd825b7
32a9c5df5b1e472f2b459e5fffd0f35b
34293577be3323b8096267d6d5763848
350ab0e8d23c9c2f15b019c73a0866ba
36aba0956eb96365d03f45c70f5aa432
378fee8d6a9e24c942cd22dcf43ee26d
37c61ab16fdbb30b7eb3e412a68e960f
37fb64140c5280d98d44e2f26830a7aa
39bc503334a3ac780b1234e34a06dc23
39c1b81d033548e0197941b67c4dc683
39f836f3ed7caf54b0708d4f453d08ee
39fea2fca7e455b12f265d1c6b974f55
3a5ef3aa63c90c4280de55721f0240d4
3a64789f1460f0afe01d63acc0bca2aa
3bb8903471736a2dd7c263e4c0e0df6f
3c07f810f5a961e4089bddcc278a72bd
3c5cdf7ccc70b4c16356cf4d21bc3b1d
3cb701d79331b78a20445b25288ebfd8
3d1a064f30814a436e4ac6e52eb65b7c
3dc902f8463c4ee632b9e05cf38d504b
3e0c2e0e5f78cb95da68644410ebd26c
3e487199d055402a4cd8e6df3f923f55
3ecd7c3d0b2c34b04bb121cb174da84a
3f9013738ac5acec36a5453fe191d992
40c76e76921b1879b352d47623e047ac
4110c3c43888749dc8d1d7ca794107f8
4145b2c4537c77a1e7d0392162dabadb
42cef00ed9455e221e87b6dd3d2d40fe
43818584170f907b2774760b5c032b71
44d35177c3f0590fe3c856e0fc845b07
4504f775d1fc5fa8d4663ba9c82255f2
4550037ce74c0a18e6908d954997ec04
45a30f6dde4517baa1e50231b976a5b6
4601840b9a56df57717605e2c9edbf67
4642258c49d77576b7c6c4d397bb8548
465936b781e0aac61b6abf62fa733a34
46ec16938440e49e432aceb5d70d0958
470b5fb3b69193f6c32cfff83bfb0d91
4838a02949cf38b3315a29715367a710
485b08fc5a531dcbe40b9f40d293ec0f
49594c9a18295cabb5d4167c1cca9728
4a0e61546dac7a54dfc7742985797b83
4a563f172a28e1603f80a2ace9bfd0b4
4a8308738828054df4de4e65cddcc488
4b3deb8f35a0d94dfce8a3063041ca56
4b8a7c00b7228e113c20d10666e0fe4a
4bdd1dbe48602fe396466c96da174e43
4c4a276e0c5f8400977574215bf0c859
4cdccdfec3de9b74e7445b28e17665ee
4ddd46d7e715d59ae86ac8bc873adf66
4f37c405fb93e6fe34eada42edccf265
504b1cd2a5168d48c28604966da2b30b
5050e30de2d7440ac376e6b2573be0ff
50525a8533720f22ab7e169c5518262a
50c59455b3dd2af3cb248b52d4af67e1
510712690ad3cb7f7eaa2616309b93f8
51d31ad0792e352eb539bbd38d37916d
520bd5fc0a5fd8a24c167f4bb7b0aa60
52f1faf6a9aab69dba65887b041726db
5396e6b52b54ef79b741b4793a429262
53ca051f31007be441a2ffdc0d8b01ed
53d7cf7b1e1bf7d8d367fdf541d2192a
53e754984a8a600304f6caee13960dc8
5483c1336e691e145bdf972818da6f27
549b0cf0f6162f9d7448c7e9c090f80a
5548aaf2675c4d2931eb9755ba0583c2
555ac9d55c415276cb80eaf754b8afdb
56880aaaf063ef1d493b40c492496186
56b2073a125b798ca8406e1c8b8ec273
56cca1daeaa031329752c073c326ac22
586c3678c62ba505d936dfa38c57fd9e
58c6a2d8abe15f498a5f6a709deb9ceb
5a463685b8b2d57d54ae8f2affa047c9
5b63b628f6edbbbb3b2a7f1f9158e729
5c00db8799ac1e39247be5874e4ed2c0
5c169bed2e4f532a25e53abcaa694f69
5d36798223b5bc15916449cda42224ac
5d67b09eb90942dd548aa27a9a1ca163
5e257f23bac86351e8960d3b0d2be64c
5ebceda8603dbfc3d5337d25183ffdeb
5ed8e75a7fb12e55064c030967de2657
5eed02a11e2b7f81f4f444147cd4f302
5f1677b68a04e1db3a56e9d52ad69426
5f23690be36be5f300476a82003610af
5fd9e0d21f0ae449d13b4d10266fbddc
60fce081d4fada8e889cc0b7d219a122
611127a7a38722281d8e83d2a53dac08
6118a494d5f174ad17912842711bcf51
615547b8c70a2bb5b304916339a0da09
6277788b733de02280d953f19cad0976
62ac537c07f4c55914c91efb913ea3ab
62b0e2beb995f4763033a05eacf8b255
62d785e1088cf1f396877dfff0a610b7
636008a3b7c6b310e7858f9c706882ce
6388c5bf32d5ad934dbd88f126a44976
63aa7e75e06f557aef05e32700250a40
6487732a5030873d95ae45ea84a2e8d9
6562b9f0fac6c3a2f8eba74f3a20b7f5
658ce872a13b1d636b291f4648cdab4c
65db930f48ee01a105084f69b124ce3e
66170a9feb6887a905da2a6163502aea
6622b1edb599601dcd1f928f66241497
675b3c61736e6f2c6c9bb0c462a2ef06
6770da380d6c6d6b7341b3ebbd0d6984
682c226495c1f7a98086c7b7c53eae68
68447a66ccadcfc00111f036f35e092a
688495f3f986678e14b2e5099678ba43
68aba0c9abadade5203e4677d680828e
6955500d4d4a2968f088e9c5687ffb28
698995b589dcf771720ca1090711a5db
6a591cfcd1380b9c1e464495a6fc21df
6a785cee53c8f14a4c36f7ce12d9afa6
6a939531c5fe6e05a593e3331db88c9c
6b4b59e1d4d70570861182ee8ed238e9
6c3ff74eee8123434065319521415232
6cddfb9f23105a08ffcda67af5dcda1f
6d5e3162b31b1f1f4078d7023500998b
6eb552a3bba4c6688d35b7b28a5aeab8
6fbdbe2ba0112360cf0aa9270bf66119
6ffaf2c50ac437525a6f5c2f1796653a
700ca8aa64fb0052f4b63752c6212614
72be7701aa69202680c3b1db1056ca8d
73543e6974eb0408d74c2a7064d72d9e
742a4e7bc5e2583bb403a6f43bdee60a
745e670799bc4ea6cc14608ac2bdf144
753f6547fb3c7c9eb6fa48d8eec19790
755377c84b0cc95e50719ec7dbe64859
76c0393907611a4a9cbc23a1d4c69132
77687c7b22f03f1d9139990146365f2c
77e0728341115533515f977bbc94d97d
783cc72b361977e2b5668b8cebb01b1f
786978e5b8e09231f7449fec293a279d
7903b3a1c73bf9069dc34fc1ecb987c5
7935fe123ad13b13757cbdecefb3953b
793604ebf9799c7d4de6173158702bc0
798cf79f900c9099acd21e8018c87a86
79f8ffbe5012cd47d057106be60b1207
7a47fec9dd47130e5a83ec093f05e96c
7a9e5bdea21c12642f7c7021ac4efadf
7abc5ea55e2fb8b3fc25399376593f33
7af94d8872680717b58d5f9061a764de
7b9eddcbf54d1485cb8e731a0ef10dfd
7c28e270df1c5bb94963f1232811a3be
7d76e7a92c2507c747b594bb00d89b3c
7dbcdeb4f2a42aacf3765c675be344c6
7e4828c267ac3527762738fe4b76a51d
7eecc39ff70a8b86a187e0fb45648ca1
7f86f3d5788cd458bd174b147bc1dd57
7fbd0a302e1d4b9e1f476fa3dc871fe2
7fd161f57c22f832740f90376cbd9ed6
7fd26294491cc420e2bf5ef2e10d08db
7ff5481d71f26a290e6cab9cf333f0e3
8085a5b0946a94e14874e8fbd54326cb
80a0388b8be8cba3a81e1ff78e69dba1
818c1530866c0a2b97418b563fbca04a
82e2096459d1e332865b851d0fd60af7
832123088ef7fb4dc570f453f921c9fe
8336faf939a81e0dde6f709476fdd9b2
83ad8254032d8e3d162b03d87e4623d4
841a3806bbd0627600e76b57eb91378c
84257df152ebfde5e9bcb4ac8cc01d6b
844998b7b36247f83a83e60f71d17f1b
8542f4aa6f693f4d0c6e5b900fb2bfd1
860ac22ad12b495efa96076f72cabae3
866a4306211358a384e68ead5de84a89
8744149dce0ee9c60c8385cbffb18c47
874b82a80a9c74847ee66304b29fafed
8797de092d7eebf45911d244c2930cf1
879c96c9244850ba1c1dd40f9e4b6cfd
88c88e089e80c309e3fdb175498eeb6b
89631ef8735a5b432273ce1e0678e73b
898d2998cbd424afd7a1b2df80b8a6a5
8ac32cb3d95481acfc6e18e62a0d002e
8b329c43a252f640ba9d782ed4adb22e
8cfc3c21d73c4d392ee85e51740def9e
8d74b48cebaf53af20dc286332dae87d
8d83839cf1f7aba35f4436d5987f1fa4
8e6fc3e566402a22ab18b05693552773
8f4652b7715ec7cc15bd62553d7cb399
8f85d70b18a37264b7bd3d1b83873d92
8f90d895e405d25b7c85b9938814f523
8f976e5bdb1c606b4f62afb895f3a06b
9127e6e431e3d7daf7330970f7a13cec
92549a86cff68e89d97ec283a372ab06
9285e466978f40cfc0a519b8b52a8cae
93407ad3d8eb80c29901ab4ea4596b0f
9380ddad65285813fad63cfb1e17c495
939a146b3aa64ebfaf2c0a6cb1759ff9
93be2fe1d3b5e6a23378b4e3df3081d2
943154d1849ea7f602ef537ad7c1a510
955e40c6a9f57fed7953bc57889e2f25
95b02c1cfe9fec71053fc7b17500484d
95d34684640f240f1abfa69394194b1c
96bd18a4d66d3a8eea9d7c77012b3d34
96f33057583396d66441a50d25bc3442
983a8d4ae954d4714aaed5b20c499c39
98d33e44ba72ae4897075678d6d8a8a6
98eb8d21825775aa106ccb64d44fff89
9900c8a666d7d6ca6e9ea6169d1ac8e1
9945f5ec117a97a06b22cd5d34aaa270
995a314773c3a5a129b1a8b47249b63f
9a57ff3c4bfcff5d1467c9cd33a16376
9a8ae273c245759ccdc6ec3dbfdb8dcb
9ab857c80778e0ba6d8bcdb08c4ccd19
9acf07b01d036c57e8c6bc84b72d7346
9b78427d27fd6dcfd84d42489502d89b
9b9818c6bb1febba44f6b9468e607bd6
9c19cde918a9cdeb052b5d623a4082f8
9c24f4a89ed09e6eabfbf790ffb1b3fc
9c77bb32fc3e08781ba6da1dfcf3df62
9cd1e06a5135df571fe28febc424f8eb
9d4347bc1a644a810a1bf39f9f1a2ea1
9e582e0dc9994898f36405d1187669cb
9f01abf6a523a8f13fa8452f6272c872
9f60fdc122d4aaac827941ff852f89fc
a072ca3ad84a98da4fac88cc13cee94a
a21b8f3043e20cccd90ae6cc69acbdce
a2a862d5d3a7156451bf75500b155d3c
a4f5987270eb2c400ae627341cbbd00d
a52ece73b97cd8c639b2b824fd17802e
a542f1f668f26dcaa03bc8a6b211e6cd
a54dd8ea2b3c721e01a2ea253fd91b4a
a6148ca01467411466f8b16ba3026119
a66058dda4a7be0e58fb0dbb9d448003
a6f71fecd42db20db2c233432c316545
a72f491baf2b5f2d561b61c356f69e39
a76d01ddadfd7691bb372fa4bab32197
a83b7e509ec95fedea4c9c5e229721bd
a870849368afd18d22d0dea84c9e9528
a8bf60689fae1341c977d457f097a6a5
a93839b9b577a7a13cec1e6ea29abd31
a96398f4b45e0069d604d6c5146facd3
a9831cec9dc9ab973db2731474c8a2fc
a993ff991e1378b79adf7872e244b4f0
aa3c1b8cd3c8ed47e08e997c75559ec9
ab9bb8886fce60fa8a0c9b73a02f1714
ac0175d5466266955753f9b325f7b578
ac05a2604a0cf0af6293d5089029ba61
ac72bb97805825a46e35956b88c2c64f
ac9055d219d5b5361f54c7bcb493bbf4
ae547d4e862e56f6d6a368e0078461e6
af734fbd3314c13a4626285cc7adfa25
afc98b96dba019995938ed546946a396
b07e5ea32a839b5128cbf320c2645c8f
b1a0745e2b148bdd18012fcac9bda875
b1cabe30fd752e0eda798fad7a3eb69a
b23a86a76a7e5b85bc38cb11bf5abf52
b2c467b0a86cd6efc65f7549f6dbe816
b383d4deb32fbbcd620fcab05a902b2e
b48623977b73730994601501e94b7199
b491fa56b922b8fa08684ee02c20cdd5
b4bab6e9e878ed310205b03e22dc1615
b6067eca3540ee22bc034eabbe8619c4
b60f7ab11d6b41b4b512c37add4565b3
b6727c19147726add9d3a06e23acc73f
b8aff79849012e5846c2912b7158f316
b90b1bb3ac31de882e24c919494ee30d
b9b5b9b25ad83c72501393426a234708
ba94a2cca2a517d40dffad07ad6d1e97
bacf0e175d039e51f4dc53dbd6f044d2
bba8ea7e336550abda9e54193456d148
bc40bcef982d8af053c7877bd9261c0f
bc7bc7ad234cb7bd877407d817fad3ad
bd750e548fb266b7a8f3c1f26cb6f645
be55b56e4ea0c98503aa3c1e9badd50d
be8379b744d16093d080e5dc9de7f950
bee4abb096259c28094284aeacde3e8d
bf1b88a551e100f1f24ce43b03f6753e
bf5262724b7f3c7d97811e213f150027
bfa3aea5c22d4424949f9c8df90db964
c03e78258aa7918465a518fc6ab79316
c175f4b47857ef73080900901290129b
c1aba3301ebc5c1fd1121d1cde8be914
c25d3dfcc71964874721b99eda950f06
c3085b4c60cdac5c7b91d0a0e8d4af2c
c32fefc1cb7a3cf99a8f6a1cda873ade
c34bf0aa60833d8bfd261e8d566c98a0
c41d7cbd5c6b35576659b3d3e60d1ea8
c430efef13f164574ddd7e94999a0f74
c497fc2d9323b3d86a4aa2a9061f6f19
c4d2f92ebc15a163350f77f9fc942131
c4dbb7353f81fb8ba4c489cadf6358b3
c5758b04a00755df8b26d49c5e02d0af
c57cb3b1da343759e9ea971447e73325
c72e6eec5f139fe90f9ac62a904ee18d
c8162f46121d71e0209e85681c2e15d8
c823411851ffbf6a50d4347995071b47
c90019ddd5b25b4e23cbe8652a09c187
ca1507a893c2033e32e44ca73d66054f
cab0093150adb851a055faa2557da5ea
cafe8184b87df706cb0d0fcf248f94cc
cb902363fdb16459a6ba87d320657454
cc376b8cb72613dc037bd0a0c544116d
cc455ace984881967c7b43f2ba730dfc
cc5adbb74a0a0bc56cc1a31d9e7a0209
ccadf656bb487ad96b20646a89c22a08
cda9c632526d04fa25b375ea6a33a3b6
cdb8bfc03b2ec96e62efb04905c6ea93
cec882db9d3ea9765f387c3871e65c9c
cfc77238780be61f17161eb819402969
d02f5fc9115f0cca03e74f1a42e2972e
d0e5694a1b5a4a647898af3d614d25c2
d0f5f03d1c874c62e6462f52e0972bdd
d10315d5eacc04d81ebfc9f82b41ee8e
d151323e2a510ab61767af1938d763d6
d160800e18a3abb6d8a28eabc13266cc
d2c8a549420461e722e9dfaa1449069a
d3888d0a79a147aeb713109117a93fd3
d3a60ddd6a79ce1dd7d19fa8b12b12bd
d4153b418bcc76a1fb7dbf534456f049
d5375ba5c71cf860d23584bcc9a17269
d5a59087945dfd6a4baeac83969922eb
d6377886c4e8819514069cea5634dbe3
d63947869286d828e3617feac48529e7
d6c48114526b394a50a6508bcb8d53dd
d6e98b600a87a9363a198cd0d96138b2
d795b06daf9c4eb42f0c2e6588b212ed
d79ee795c3ebc7e6079892cee6861fc5
d7cd29b640b2a2311960fdc247d22f77
d8a3fa9360af17e0498c69458dac91f9
d8b549ac441778427e46cb8565003d38
d938c3acf54d5ef4932bcd097a80b687
d99dc970de1fc96c5a910d6eaa549d2a
dac03b4e8136d74003e92d5cd5ae8ac3
dada7d226e0000c1274ea7cb12ce713c
db336fac3e6d6fc374706bfaab84335e
db5036ba4c1de919106bb30991e840ca
db56e671ed78f3c8a20a90fa45590abc
db6a5fd2d447490359b36dc6cf0f1c8a
dc00463b478be322a4a8f1eb15c1fe81
de5c74d11498e6f0dcffcc290076dd12
df120e8345d1386963c2ce9408d82328
df242395ec03ea5f3ee95e3a7b56241d
dfc4c4024dec134f29e54d7eaf43bf94
e09db12fa4ffc7aa3efc48ddcddcf553
e0a3fced7470bfee9dfffc66d50068fc
e0ce60e812bb386ec6e748af68fe7d6e
e13333a0465384545c7a379908405b8d
e1d3579611246a4dbdf0fcfb378a025a
e1f22b8cd703c82593ac3f09e9779f27
e1f53bcbbe8cb6b3a679d5bd2f9ee7e9
e2697e4503a1e3e270e11c4b78d4ca11
e2910f652724553b8d9e4b46929cc3f8
e375d99b7edad174e158a580033a89e5
e491fd927be534899093cc95b9ce8518
e4ace26b57ffe0164be5af77d8aedd76
e4de5bf2ea97596f6f1931847bfe2ce5
e4e9763e12b2da0617d45f91b7fe6aa9
e6b34e1d2d0a94be3b53ef1beacd5a96
e6f04663dea35dcec3d14be53c0ef586
e7278901d61ada887b37fc49233d59e7
e73bae24ede788e64360c53781720a72
e76d7b92a1c78f64417990059bbe240d
e9455bdd1937fdaae8977616ddcba6bb
ea37ad86866fb93dafb9cedb072ac6e3
ea6a08881351302523219b0c36177b95
ea92de5b6a268a50f5b139607e15934e
eae2bcf4700043fc1d12dac4879d41c9
eb627609f0c7fb631f3b4b96bebf018d
eb6fc2adfaf6d66cd4740c72a72dff2c
eb95fe6398138102a44960d136381bb3
eb9f419eaf0d58284c559769ea1dce8f
ec30db760191b0806bc04aaf944813b9
ecadd0d85eca6304808768fc11f40379
edf2207b9629ee99d32d6ba1f59d34f7
ee60a0606922dca0881ca1b582d55a10
ee7a7809f9000ca02cbaac33e5c9f79c
ef45360e4e4faf56b2d9f2b7a79e6e0d
f004f6924faaa9fcb5801b62498692f3
f0e16e0fbd503485f00be74df1685909
f17048d9cacae16e978f3ef88bf76906
f2d62a8003e2d3f206414b16e4d51c4c
f34b59c4d944a0f5648633b3ba6e5df6
f3f1634664de7e7e3a57734eff4dac66
f4024bd317c7ebb9e9fc8096caac2a2b
f53673695426ab90de6766d490c7a2ff
f665c3b0fa3aa59030a51fd9d42c8bf1
f67ac1123ecf957956e1f78e15115949
f67e2a8c1c1f76cf4d8c94df63160ad7
f67e9ac01e9fff584d599599e19af4dc
f6d1ff7f2e6d9279b794798b31d1b4d9
f7ab1aec155bdcbe0a76ee9aa8e3d9c6
f7acfadeb93ffc5aa66cb13f5a68c157
f9ef196857cc5158531cc75b02fd68f5
fabb057522e630cfbc45cb876bd5637e
fb2920158a6558d1dd90223657e3223b
fbb6a8d80c741963d6df436c95481617
fbceaac87763950518d250f23e7c673d
fbd1d75d153679f91a3d7d4483cd5258
fc3d8e7fa761baf49998019cdebd3c08
fc6fc8aec7f31736465c2e54c0721e2a
fd219cb3f47f89bc3cf119f6fd2e45ad
fd9ba3335a7de2fb90f54950aa52cd80
fdc32d5d2268b1e907d91ec62280be4e
fdeb69b071a29961284ae88978277597
fe508c141dd4bdb9cb5979a8069df697
fea51d85b5d39557b61b78dbb9805e00
fef494f817086a7505558c3dd2752e28
